<?xml version="1.0" encoding="UTF-8"?><collection xmlns="http://www.loc.gov/MARC21/slim"><record><leader>00487nam--2200157-i-4500</leader><controlfield tag="001">000020638</controlfield><controlfield tag="002">20161230</controlfield><controlfield tag="005">20161230201033</controlfield><controlfield tag="008">060222s1000------------r-----000-0-eng-d</controlfield><datafield ind1=" " ind2=" " tag="020"><subfield code="a">0218-024</subfield></datafield><datafield ind1=" " ind2=" " tag="080"><subfield code="a">539.12.162.8(061.3)</subfield></datafield><datafield ind1=" " ind2=" " tag="245"><subfield code="a">1994 summer school in high energy physics and cosmology. ictp, trieste, italy 13 june-29 july 1994</subfield></datafield><datafield ind1=" " ind2=" " tag="260"><subfield code="a">London, World Scientific, 1995. 631 P</subfield></datafield><datafield ind1=" " ind2=" " tag="490"><subfield code="a">The Ictp Series In Theoretical Physics</subfield></datafield><datafield ind1=" " ind2=" " tag="700"><subfield code="a">Gava, E. /S.A.</subfield></datafield><datafield ind1=" " ind2=" " tag="852"><subfield code="a">72212</subfield></datafield></record></collection>